<record><leader>00000cas a2200000 a 4500</leader><controlfield tag="001">32531045</controlfield><controlfield tag="007">hd bfb---baat</controlfield><controlfield tag="007">hd bfb---bbct</controlfield><controlfield tag="008">950524d19721975nbucn nea    s0    0eng d</controlfield><datafield ind1=" " ind2=" " tag="010"><subfield code="a">sn 95070315 </subfield></datafield><datafield ind1=" " ind2=" " tag="040"><subfield code="a">NVG</subfield><subfield code="b">eng</subfield><subfield code="c">NVG</subfield><subfield code="d">OCL</subfield><subfield code="d">OCLCQ</subfield><subfield code="d">OCLCO</subfield><subfield code="d">OCLCQ</subfield></datafield><datafield ind1=" " ind2=" " tag="042"><subfield code="a">msc</subfield></datafield><datafield ind1=" " ind2=" " tag="043"><subfield code="a">n-us-nb</subfield></datafield><datafield ind1=" " ind2="4" tag="050"><subfield code="a">LH1.N3</subfield><subfield code="b">J687</subfield></datafield><datafield ind1=" " ind2=" " tag="086"><subfield code="a">U3300 N001</subfield><subfield code="2">nbdocs</subfield></datafield><datafield ind1="0" ind2=" " tag="130"><subfield code="a">Nebraska reporter (Lincoln, Neb.)</subfield></datafield><datafield ind1="1" ind2="0" tag="245"><subfield code="a">Nebraska reporter.</subfield></datafield><datafield ind1=" " ind2=" " tag="260"><subfield code="a">Lincoln [Neb.] :</subfield><subfield code="b">School of Journalism, University of Nebraska at Lincoln,</subfield><subfield code="c">1972-1975.</subfield></datafield><datafield ind1=" " ind2=" " tag="300"><subfield code="a">8 volumes</subfield></datafield><datafield ind1=" " ind2=" " tag="310"><subfield code="a">Semiweekly (during academic year),</subfield><subfield code="b">Oct. 10-Dec. 12, 1975</subfield></datafield><datafield ind1=" " ind2=" " tag="321"><subfield code="a">Weekly (during academic year),</subfield><subfield code="b">Mar. 10, 1972-Apr. 30, 1975</subfield></datafield><datafield ind1=" " ind2=" " tag="336"><subfield code="a">text</subfield><subfield code="b">txt</subfield><subfield code="2">rdacontent</subfield></datafield><datafield ind1=" " ind2=" " tag="337"><subfield code="a">microform</subfield><subfield code="b">h</subfield><subfield code="2">rdamedia</subfield></datafield><datafield ind1=" " ind2=" " tag="338"><subfield code="a">microfilm reel</subfield><subfield code="b">hd</subfield><subfield code="2">rdacarrier</subfield></datafield><datafield ind1="0" ind2=" " tag="362"><subfield code="a">Vol. 1, no. 1 (Mar. 10, 1972)-v. 8, no. 17 (Dec. 12, 1975).</subfield></datafield><datafield ind1=" " ind2=" " tag="515"><subfield code="a">Two 8-week vols. per academic year; new vol. begins Oct. and Mar.</subfield></datafield><datafield ind1=" " ind2=" " tag="533"><subfield code="a">Microfilm.</subfield><subfield code="m">1972-1975.</subfield><subfield code="b">[Lincoln, Neb.] :</subfield><subfield code="c">University of Nebraska-Lincoln Archives,</subfield><subfield code="d">1988.</subfield><subfield code="e">1 microfilm reel ; 35 mm.</subfield></datafield><datafield ind1="2" ind2=" " tag="710"><subfield code="a">University of Nebraska--Lincoln.</subfield><subfield code="b">School of Journalism.</subfield></datafield><datafield ind1=" " ind2=" " tag="752"><subfield code="a">United States</subfield><subfield code="b">Nebraska</subfield><subfield code="c">Lancaster</subfield><subfield code="d">Lincoln.</subfield></datafield><datafield ind1="1" ind2=" " tag="776"><subfield code="c">Original</subfield><subfield code="w">(DLC)sn 95069578</subfield></datafield><datafield ind1="0" ind2="0" tag="780"><subfield code="t">Lincoln free press</subfield></datafield><datafield ind1="0" ind2="0" tag="785"><subfield code="t">Journalist (Lincoln, Neb.)</subfield><subfield code="w">(DLC)sn 95070316</subfield></datafield><datafield ind1="1" ind2=" " tag="029"><subfield code="a">AU@</subfield><subfield code="b">000011744951</subfield></datafield></record>